% Encoding: UTF-8
@Book{knuth:1984,
author = {Donald E. Knuth},
title = {The \TeX Book},
year = {1984},
publisher = {Addison-Wesley},
}

@Article{ziegenhagen:2017,
  author  = {Uwe Ziegenhagen},
  journal = {DTK},
  title   = {Wie man einen eigenen \TeX book betreibt},
  year    = {2017},
}

@Book{kohm:2018,
  author    = {Markus Kohm},
  publisher = {lehmans},
  title     = {KOMA-Script},
  year      = {2018},
  edition   = {6},
  isbn      = {978-3-86541-951-4},
}

@Comment{jabref-meta: databaseType:bibtex;}
