% Encoding: UTF-8
@Book{knuth:1984,
author={Donald E.Knuth},
title={The \TeX Book},
year={1984},
publisher={Addison-Wesley},
}

@Article{makroum:2022,
  author = {Ismail Makroum},
  title  = {AL darouvliyate},
  year   = {2022},
}

@Book{ziegenhagen:2017,
  author  = {Uwe Ziegenhagen},
  title   = {Wie man einen eigene LaTeX erzeugt},
  year    = {2019},
  journal = {DTK},
}

@Article{amt-14-2717-2021,
AUTHOR = {Wolff, S. and Ehret, G. and Kiemle, C. and Amediek, A. and Quatrevalet, M. and Wirth, M. and Fix, A.},
TITLE = {Determination of the emission rates of \ch{CO2} point sources with airborne lidar},
JOURNAL = {Atmospheric Measurement Techniques},
VOLUME = {14},
YEAR = {2021},
NUMBER = {4},
PAGES = {2717--2736},
URL = {https://amt.copernicus.org/articles/14/2717/2021/},
DOI = {10.5194/amt-14-2717-2021}
}

@Comment{jabref-meta: databaseType:bibtex;}
